<?xml version="1.0" encoding="utf-8"?>
<record xmlns="http://www.loc.gov/MARC21/slim" xmlns:xsi="http://www.w3.org/2001/XMLSchema-instance" xsi:schemaLocation="http://www.loc.gov/MARC21/slim http://www.loc.gov/standards/marcxml/schema/MARC21slim.xsd">
	<leader>     nam a22        4500</leader>
	<controlfield tag="001">2750342</controlfield>
	<controlfield tag="003">NNC</controlfield>
	<controlfield tag="006">m        d        </controlfield>
	<controlfield tag="007">cr cn |||m|||a</controlfield>
	<controlfield tag="008">150723s1964    iq      o     000 0 arar </controlfield>
	<datafield ind1=" " ind2=" " tag="040">
		<subfield code="a">NNU</subfield>
		<subfield code="b">eng</subfield>
		<subfield code="e">rda</subfield>
		<subfield code="c">NNU</subfield>
	</datafield>
	<datafield ind1=" " ind2=" " tag="043">
		<subfield code="a">aw-----</subfield>
		<subfield code="a">ff-----</subfield>
		<subfield code="a">e-sp---</subfield>
	</datafield>
	<datafield ind1="0" ind2="4" tag="050">
		<subfield code="a">DS38.2</subfield>
		<subfield code="b">.G63</subfield>
	</datafield>
	<datafield ind1="1" ind2=" " tag="100">
		<subfield code="a">Goeje, M. J. de</subfield>
		<subfield code="q">(Michael Jan),</subfield>
		<subfield code="d">1836-1909.</subfield>
	</datafield>
	<datafield ind1="1" ind2="3" tag="245">
		<subfield code="a">al-ʻUyūn wa-al-ḥadāʼiq fī akhbār al-ḥaqāʼiq :</subfield>
		<subfield code="b">li-muʼallif majhūl, min khilāfat al-Walīd Ibn ʻAbd al-Malik ilá khilāfat al-Muʻtaṣam, wa-yalīhu mujallad min Tajārib al-Umam li-Miskawayh, wa-fīhi ḥawādith al-sanawāt 198-251 H.</subfield>
	</datafield>
	<datafield ind1="3" ind2=" " tag="246">
		<subfield code="a">Tajārib al-Umam</subfield>
	</datafield>
	<datafield ind1=" " ind2=" " tag="260">
		<subfield code="a">Baghdād :</subfield>
		<subfield code="b">Yuṭlabu min Maktabat al-Muthanná,</subfield>
		<subfield code="c">[1964?]</subfield>
	</datafield>
	<datafield ind1=" " ind2=" " tag="300">
		<subfield code="a">online resource (616, viii, x pages)</subfield>
	</datafield>
	<datafield ind1=" " ind2=" " tag="336">
		<subfield code="a">text</subfield>
		<subfield code="2">rdacontent</subfield>
	</datafield>
	<datafield ind1=" " ind2=" " tag="337">
		<subfield code="a">computer</subfield>
		<subfield code="2">rdamedia</subfield>
	</datafield>
	<datafield ind1=" " ind2=" " tag="338">
		<subfield code="a">online resource</subfield>
		<subfield code="2">rdacarrier</subfield>
	</datafield>
	<datafield ind1=" " ind2=" " tag="500">
		<subfield code="a">Reprint of the edition published in Leiden, 1869-71.</subfield>
	</datafield>
	<datafield ind1=" " ind2=" " tag="500">
		<subfield code="a">al-ʻUyūn wa-al-ḥadāʼiq fī akhbār al-ḥaqāʼiq. al-Juzʼ 3. 1964?</subfield>
	</datafield>
	<datafield ind1=" " ind2=" " tag="500">
		<subfield code="a">Added t.p.: Fragmenta historicorum Arabicorum, et quidem pars tertia operis Kitábo 'l-oyun wa 'l-hadáik fi akhbári 'l-hakáik, et pars sexta operis Tadjáribo 'l-omamo, auctore Ibn Maskowaih, quae cum indicibus et glossario edidit M.J. de Goeje.</subfield>
	</datafield>
	<datafield ind1=" " ind2=" " tag="500">
		<subfield code="a">Title: Fragmenta historicorum Arabicorum.</subfield>
	</datafield>
	<datafield ind1=" " ind2=" " tag="500">
		<subfield code="a">Part of the Arabic Collections Online (ACO) project, contributed by Columbia University Libraries.</subfield>
	</datafield>
	<datafield ind1=" " ind2=" " tag="533">
		<subfield code="a">Electronic reproduction.</subfield>
		<subfield code="b">New York, N.Y. :</subfield>
		<subfield code="c">New York University,</subfield>
		<subfield code="d">2015.</subfield>
		<subfield code="5">NNU</subfield>
	</datafield>
	<datafield ind1="1" ind2="0" tag="600">
		<subfield code="a">Ibn Miskawayh, Aḥmad ibn Muḥammad,</subfield>
		<subfield code="d">-1030.</subfield>
		<subfield code="t">Tajārib al-Umam. al-Juzʼ 6.</subfield>
	</datafield>
	<datafield ind1=" " ind2="0" tag="651">
		<subfield code="a">Islamic Empire</subfield>
		<subfield code="x">History.</subfield>
	</datafield>
	<datafield ind1="2" ind2=" " tag="710">
		<subfield code="a">Columbia University.</subfield>
		<subfield code="b">Libraries.</subfield>
	</datafield>
	<datafield ind1="0" ind2=" " tag="730">
		<subfield code="a">Arabic Collections Online.</subfield>
	</datafield>
	<datafield ind1="0" ind2="8" tag="776">
		<subfield code="i">Online version:</subfield>
		<subfield code="a">Goeje, M.J. de (Michael Jan), 1836-1909.</subfield>
		<subfield code="t">ʻUyūn wa-al-ḥadāʼiq fī akhbār al-ḥaqāʼiq.</subfield>
		<subfield code="d">Baghdād : Yuṭlabu min Maktabat al-Muthanná, [1964?]</subfield>
		<subfield code="w">(OCoLC)795623318</subfield>
	</datafield>
	<datafield ind1="0" ind2="8" tag="776">
		<subfield code="i">Print version:</subfield>
		<subfield code="a">Goeje, M. J. de (Michael Jan), 1836-1909.</subfield>
		<subfield code="t">al-ʻUyūn wa-al-ḥadāʼiq fī akhbār al-ḥaqāʼiq</subfield>
		<subfield code="w">(NNC)2750342</subfield>
		<subfield code="w">(DLC)ne 68005036 </subfield>
		<subfield code="w">(OCoLC)30715799</subfield>
	</datafield>
	<datafield ind1="4" ind2="0" tag="856">
		<subfield code="u">http://hdl.handle.net/2333.1/cfxpnzhh</subfield>
	</datafield>
	<datafield ind1=" " ind2=" " tag="959">
		<subfield code="a">NNU</subfield>
		<subfield code="b">WEB</subfield>
		<subfield code="c">GENI</subfield>
		<subfield code="t">0</subfield>
		<subfield code="m">Electronic access</subfield>
		<subfield code="s">01</subfield>
	</datafield>
	<datafield ind1=" " ind2=" " tag="999">
		<subfield code="i">NNC_2750342</subfield>
		<subfield code="o">(OCoLC)ocm30715799 </subfield>
		<subfield code="s">columbia_aco001107</subfield>
		<subfield code="e">(ERROR-880)</subfield>
	</datafield>
</record>
